@inproceedings{nickel:2016,
    doi = {10.1109/jproc.2015.2483592},
    url = {https://arxiv.org/pdf/1503.00759.pdf},
    year  = {2016},
    publisher = {Institute of Electrical and Electronics Engineers ({IEEE})},
    volume = {104},
    number = {1},
    author = {Maximilian Nickel and Kevin Murphy and Volker Tresp and Evgeniy Gabrilovich},
    title = {A Review of Relational Machine Learning for Knowledge Graphs},
    booktitle = {Proceedings of the {IEEE}}
}
@inproceedings{manning:2014,
    author = {Christopher D. Manning and Mihai Surdeanu and John Bauer and Jenny Finkel and Steven J. Bethard and David McClosky},
    title = {The {Stanford} {CoreNLP} Natural Language Processing Toolkit},
    booktitle = {Association for Computational Linguistics (ACL) System Demonstrations},
    year = {2014},
    pages = {55--60},
    url = {http://www.aclweb.org/anthology/P/P14/P14-5010.pdf}
}
@inproceedings{angeli:2015,
    author = {Gabor Angeli and Melvin Johnson Premkumar and Christopher D. Manning},
    title = {Leveraging Linguistic Structure For Open Domain Information Extraction},
    booktitle = {Proceedings of the Association of Computational Linguistics (ACL)},
    year = {2015},
    url = {http://nlp.stanford.edu/pubs/2015angeli-openie.pdf}
}
@misc{uw:online,
    author = {Michael Schmitz and Harinder Pal and Bhadra Mani and Michal Guerquin},
    title = {{Open IE}},
    url = {https://github.com/allenai/openie-standalone},
    note = {{Zuletzt besucht im März 2017}}
}
@phdthesis{nickel:2013,
    author = {Maximilian Nickel},
    title = {Tensor Factorization for Relational Learning},
    school = {{Ludwig-Maximilians-Universität München}},
    year = {2013},
    url = {https://edoc.ub.uni-muenchen.de/16056/1/Nickel_Maximilian.pdf}
}
@inproceedings{lao:2011,
    author = {Ni Lao and Tom Mitchell and William W. Cohen},
    title = {Random Walk Inference and Learning in a Large Scale Knowledge Base},
    booktitle = {Proceedings of the Conference on Empirical Methods in Natural Language Processing},
    series = {EMNLP '11},
    year = {2011},
    isbn = {978-1-937284-11-4},
    location = {Edinburgh, United Kingdom},
    pages = {529--539},
    numpages = {11},
    url = {https://www.cs.cmu.edu/~tom/pubs/lao-emnlp11.pdf},
    acmid = {2145494},
    publisher = {Association for Computational Linguistics},
    address = {Stroudsburg, PA, USA}
}
@incollection{nickel:2014,
	title = {Reducing the Rank in Relational Factorization Models by Including Observable Patterns},
	author = {Maximilian Nickel and Xueyan Jiang and Volker Tresp},
	booktitle = {Advances in Neural Information Processing Systems 27},
	editor = {Z. Ghahramani and M. Welling and C. Cortes and N. D. Lawrence and K. Q. Weinberger},
	pages = {1179--1187},
	year = {2014},
	publisher = {Curran Associates, Inc.},
	url = {http://www.dbs.ifi.lmu.de/~tresp/papers/nips2014_final.pdf}
}
@inproceedings{bach:2013,
    author = {Stephen H. Bach and Bert Huang and Ben London and Lise Getoor},
    title = {Hinge-loss Markov Random Fields: Convex Inference for Structured Prediction},
    booktitle = {Proceedings of the Twenty-Ninth Conference on Uncertainty in Artificial Intelligence},
    series = {UAI'13},
    year = {2013},
    location = {Bellevue, WA},
    pages = {32--41},
    numpages = {10},
    url = {https://arxiv.org/ftp/arxiv/papers/1309/1309.6813.pdf},
    acmid = {3023642},
    publisher = {AUAI Press},
    address = {Arlington, Virginia, United States}
}
@inproceedings{brocheler:2010,
    author = {Matthias Bröcheler and Lilyana Mihalkova and Lise Getoor},
    title = {Probabilistic Similarity Logic},
    booktitle = {Proceedings of the Twenty-Sixth Conference on Uncertainty in Artificial Intelligence},
    series = {UAI'10},
    year = {2010},
    isbn = {978-0-9749039-6-5},
    location = {Catalina Island, CA},
    pages = {73--82},
    numpages = {10},
    url = {https://event.cwi.nl/uai2010/papers/UAI2010_0089.pdf},
    acmid = {3023558},
    publisher = {AUAI Press},
    address = {Arlington, Virginia, United States}
}
@article{boyd:2011,
    author = {Stephen Boyd and Neal Parikh and Eric Chu and Borja Peleato and Jonathan Eckstein},
    title = {Distributed Optimization and Statistical Learning via the Alternating Direction Method of Multipliers},
    journal = {Found. Trends Mach. Learn.},
    issue_date = {January 2011},
    volume = {3},
    number = {1},
    month = jan,
    year = {2011},
    issn = {1935-8237},
    pages = {1--122},
    numpages = {122},
    url = {http://stanford.edu/~boyd/papers/pdf/admm_distr_stats.pdf},
    doi = {10.1561/2200000016},
    acmid = {2185816},
    publisher = {Now Publishers Inc.},
    address = {Hanover, MA, USA}
}
@inproceedings{pujara:2015,
    author = {Jay Pujara and Ben London and Lise Getoor},
    title = {Budgeted Online Collective Inference},
    booktitle = {Proceedings of the Thirty-First Conference on Uncertainty in Artificial Intelligence},
    series = {UAI'15},
    year = {2015},
    isbn = {978-0-9966431-0-8},
    location = {Amsterdam, Netherlands},
    pages = {712--721},
    numpages = {10},
    url = {http://psl.linqs.org/files/pujara-uai15.pdf},
    acmid = {3020921},
    publisher = {AUAI Press},
    address = {Arlington, Virginia, United States}
}
