% Encoding: UTF-8

@InProceedings{Nickel2016,
  author        = {Maximilian Nickel and Kevin Murphy and Volker Tresp and Evgeniy Gabrilovich},
  title         = {A Review of Relational Machine Learning for Knowledge Graphs},
  booktitle     = {Proceedings of the {IEEE}},
  year          = {2016},
  volume        = {104},
  number        = {1},
  publisher     = {Institute of Electrical and Electronics Engineers ({IEEE})},
  doi           = {10.1109/jproc.2015.2483592},
  url           = {https://arxiv.org/pdf/1503.00759.pdf},
  __markedentry = {[a587002:6]},
}

@InProceedings{Manning2014,
  author        = {Christopher D. Manning and Mihai Surdeanu and John Bauer and Jenny Finkel and Steven J. Bethard and David McClosky},
  title         = {The {Stanford} {CoreNLP} Natural Language Processing Toolkit},
  booktitle     = {Association for Computational Linguistics (ACL) System Demonstrations},
  year          = {2014},
  pages         = {55--60},
  url           = {http://www.aclweb.org/anthology/P/P14/P14-5010.pdf},
  __markedentry = {[a587002:6]},
}

@InProceedings{Angeli2015,
  author        = {Gabor Angeli and Melvin Johnson Premkumar and Christopher D. Manning},
  title         = {Leveraging Linguistic Structure For Open Domain Information Extraction},
  booktitle     = {Proceedings of the Association of Computational Linguistics (ACL)},
  year          = {2015},
  url           = {http://nlp.stanford.edu/pubs/2015angeli-openie.pdf},
  __markedentry = {[a587002:6]},
}

@Misc{Schmitz,
  author        = {Michael Schmitz and Harinder Pal and Bhadra Mani and Michal Guerquin},
  title         = {{Open IE}},
  note          = {{Zuletzt besucht im Juli 2017}},
  url           = {https://github.com/allenai/openie-standalone},
  __markedentry = {[a587002:6]},
}

@Misc{,
  title         = {{Stanford CoreNLP}},
  note          = {{Zuletzt besucht im Juli 2017}},
  url           = {https://stanfordnlp.github.io/CoreNLP},
  __markedentry = {[a587002:6]},
}

@Misc{,
  title         = {{PSL Referenzimplementation}},
  note          = {{Zuletzt besucht im Juli 2017}},
  url           = {https://github.com/linqs/psl},
  __markedentry = {[a587002:6]},
}

@PhdThesis{Nickel2013,
  author        = {Maximilian Nickel},
  title         = {Tensor Factorization for Relational Learning},
  year          = {2013},
  url           = {https://edoc.ub.uni-muenchen.de/16056/1/Nickel_Maximilian.pdf},
  __markedentry = {[a587002:6]},
  school        = {{Ludwig-Maximilians-Universität München}},
}

@InProceedings{Lao2011,
  author        = {Ni Lao and Tom Mitchell and William W. Cohen},
  title         = {Random Walk Inference and Learning in a Large Scale Knowledge Base},
  booktitle     = {Proceedings of the Conference on Empirical Methods in Natural Language Processing},
  year          = {2011},
  series        = {EMNLP '11},
  publisher     = {Association for Computational Linguistics},
  location      = {Edinburgh, United Kingdom},
  isbn          = {978-1-937284-11-4},
  pages         = {529--539},
  url           = {https://www.cs.cmu.edu/~tom/pubs/lao-emnlp11.pdf},
  __markedentry = {[a587002:6]},
  acmid         = {2145494},
  address       = {Stroudsburg, PA, USA},
  numpages      = {11},
}

@InCollection{Nickel2014,
  author        = {Maximilian Nickel and Xueyan Jiang and Volker Tresp},
  title         = {Reducing the Rank in Relational Factorization Models by Including Observable Patterns},
  booktitle     = {Advances in Neural Information Processing Systems 27},
  year          = {2014},
  editor        = {Z. Ghahramani and M. Welling and C. Cortes and N. D. Lawrence and K. Q. Weinberger},
  publisher     = {Curran Associates, Inc.},
  pages         = {1179--1187},
  url           = {http://www.dbs.ifi.lmu.de/~tresp/papers/nips2014_final.pdf},
  __markedentry = {[a587002:6]},
}

@InProceedings{Bach2013,
  author        = {Stephen H. Bach and Bert Huang and Ben London and Lise Getoor},
  title         = {Hinge-loss Markov Random Fields: Convex Inference for Structured Prediction},
  booktitle     = {Proceedings of the Twenty-Ninth Conference on Uncertainty in Artificial Intelligence},
  year          = {2013},
  series        = {UAI'13},
  publisher     = {AUAI Press},
  location      = {Bellevue, WA},
  pages         = {32--41},
  url           = {https://arxiv.org/ftp/arxiv/papers/1309/1309.6813.pdf},
  __markedentry = {[a587002:6]},
  acmid         = {3023642},
  address       = {Arlington, Virginia, United States},
  numpages      = {10},
}

@Article{Bach2015,
  author        = {Bach, Stephen H. and Broecheler, Matthias and Huang, Bert and Getoor, Lise},
  title         = {Hinge-Loss Markov Random Fields and Probabilistic Soft Logic},
  journal       = {ArXiv:1505.04406 [cs.LG]},
  year          = {2015},
  url           = {https://linqspub.soe.ucsc.edu/basilic/web/Publications/2015/bach:arxiv15/bach-arxiv15.pdf},
  __markedentry = {[a587002:6]},
}

@InProceedings{Broecheler2010,
  author        = {Matthias Bröcheler and Lilyana Mihalkova and Lise Getoor},
  title         = {Probabilistic Similarity Logic},
  booktitle     = {Proceedings of the Twenty-Sixth Conference on Uncertainty in Artificial Intelligence},
  year          = {2010},
  series        = {UAI'10},
  publisher     = {AUAI Press},
  location      = {Catalina Island, CA},
  isbn          = {978-0-9749039-6-5},
  pages         = {73--82},
  url           = {https://event.cwi.nl/uai2010/papers/UAI2010_0089.pdf},
  __markedentry = {[a587002:6]},
  acmid         = {3023558},
  address       = {Arlington, Virginia, United States},
  numpages      = {10},
}

@Article{Boyd2011,
  author        = {Stephen Boyd and Neal Parikh and Eric Chu and Borja Peleato and Jonathan Eckstein},
  title         = {Distributed Optimization and Statistical Learning via the Alternating Direction Method of Multipliers},
  journal       = {Found. Trends Mach. Learn.},
  year          = {2011},
  volume        = {3},
  number        = {1},
  month         = jan,
  pages         = {1--122},
  issn          = {1935-8237},
  doi           = {10.1561/2200000016},
  url           = {http://stanford.edu/~boyd/papers/pdf/admm_distr_stats.pdf},
  __markedentry = {[a587002:6]},
  acmid         = {2185816},
  address       = {Hanover, MA, USA},
  issue_date    = {January 2011},
  numpages      = {122},
  publisher     = {Now Publishers Inc.},
}

@InProceedings{Pujara2015,
  author        = {Jay Pujara and Ben London and Lise Getoor},
  title         = {Budgeted Online Collective Inference},
  booktitle     = {Proceedings of the Thirty-First Conference on Uncertainty in Artificial Intelligence},
  year          = {2015},
  series        = {UAI'15},
  publisher     = {AUAI Press},
  location      = {Amsterdam, Netherlands},
  isbn          = {978-0-9966431-0-8},
  pages         = {712--721},
  url           = {http://psl.linqs.org/files/pujara-uai15.pdf},
  __markedentry = {[a587002:6]},
  acmid         = {3020921},
  address       = {Arlington, Virginia, United States},
  numpages      = {10},
}

@Book{Harmelen2007,
  author        = {Frank van Harmelen and Vladimir Lifschitz and Bruce Porter},
  title         = {Handbook of Knowledge Representation},
  year          = {2007},
  publisher     = {Elsevier Science},
  isbn          = {0444522115, 9780444522115},
  url           = {http://dai.fmph.uniba.sk/~sefranek/kri/handbook/handbook_of_kr.pdf},
  __markedentry = {[a587002:6]},
  address       = {San Diego, USA},
}

@Misc{Hayes,
  author        = {Pat Hayes},
  title         = {{The IKRIS Knowledge Language}},
  note          = {{Zuletzt besucht im Mai 2017}},
  url           = {https://www.ihmc.us/users/phayes/IKL/GUIDE/GUIDE.html},
  __markedentry = {[a587002:6]},
}

@Comment{jabref-meta: databaseType:biblatex;}
